<?xml version="1.0" encoding="UTF-8"?><record xmlns="http://www.loc.gov/MARC21/slim" xmlns:cinclude="http://apache.org/cocoon/include/1.0" xmlns:zs="http://www.loc.gov/zing/srw/">
  <leader>00471nz  a2200133n  4500</leader>
  <controlfield tag="001">n  83050073 </controlfield>
  <controlfield tag="003">DLC</controlfield>
  <controlfield tag="005">19840322000000.0</controlfield>
  <controlfield tag="008">821220n| acannaab|          |a aaa |||  </controlfield>
  <datafield tag="010" ind1=" " ind2=" ">
    <subfield code="a">n  83050073 </subfield>
  </datafield>
  <datafield tag="040" ind1=" " ind2=" ">
    <subfield code="a">DLC</subfield>
    <subfield code="c">DLC</subfield>
  </datafield>
  <datafield tag="100" ind1="1" ind2="0">
    <subfield code="a">Shibaev, I.</subfield>
    <subfield code="q">(Ivan)</subfield>
  </datafield>
  <datafield tag="400" ind1="1" ind2="0">
    <subfield code="a">Shibaev, Ivan Grigorʹevich</subfield>
  </datafield>
  <datafield tag="670" ind1=" " ind2=" ">
    <subfield code="a">His Puti sovershenstvovanii︠a︡ organizat︠s︡ii truda i proizvodstva instrumentalʹnogo t︠s︡ekha, 1979:</subfield>
    <subfield code="b">t.p. (I. Shibaev) colophon (Shibaev, Ivan Grigorʹevich)</subfield>
  </datafield>
</record>